@Misc{goldblum.1993,
	author = {Jeff Goldblum (Dr. Ian Malcolm)},
	title = {Jurassic Park},
	howpublished = {Legendary Movie},
	year = {1993}
}

@Misc{package.booktabs,
	author = {Simon Fear},
	title = {booktabs - Publication Quality Tables in LaTeX},
	howpublished = {Online resource},
	year = {1995-2005},
	note = {https://www.ctan.org/pkg/booktabs}
}


@Misc{package.siunitx,
	author = {Joseph Wright},
	title = {siunitx - A comprehensive (SI) units package},
	howpublished = {Online resource},
	year = {2008-2015},
	note = {https://www.ctan.org/pkg/siunitx}
}

@Misc{rudd.2004,
	author = {Paul Rudd (Brian Fantana)},
	title = {The Anchorman},
	howpublished = {Legendary Movie},
	year = {2004}
}

@Misc{web.sharelatex,
	title = {ShareLaTeX},
	howpublished = {Online resource},
	note = {https://www.sharelatex.com}
}

@Misc{web.detexify,
	author = {Philipp KÃ¼hl and Daniel Kirsch},
	title = {Detexify - these are the symbols you are looking for},
	howpublished = {Online resource},
	note = {http://detexify.kirelabs.org/classify.html}
}

